<?xml version="1.0" encoding="UTF-8"?><collection xmlns="http://www.loc.gov/MARC21/slim"><record><leader>00383nam--2200121-i-4500</leader><controlfield tag="001">000025774</controlfield><controlfield tag="002">20161230</controlfield><controlfield tag="005">20161230201036</controlfield><controlfield tag="008">060222s1000------------r-----000-0-eng-d</controlfield><datafield ind1=" " ind2=" " tag="080"><subfield code="a">061.62(420):001.891(047.1)</subfield></datafield><datafield ind1=" " ind2=" " tag="245"><subfield code="a">Inst.of sound and vibration research. annual report for the year ending march 1983</subfield></datafield><datafield ind1=" " ind2=" " tag="260"><subfield code="a">Southampton, Univ.Of Southampton, 1983. 27p. + Xv Fig</subfield></datafield><datafield ind1=" " ind2=" " tag="852"><subfield code="a">74293</subfield></datafield></record></collection>